4117 5809
879 711 908 753 nr
933 710 992 755 nnn
1012 709 1185 756 «renuente.
1536 692 1599 758 311

461 862 481 905 e
505 843 695 905 finalmente
719 840 870 905 Cornelia
895 842 921 904 si
946 858 1086 921 scnopre
1111 859 1130 902 a
1155 841 1301 905 Uiivetta
1320 856 1428 903 essere
1448 840 1602 902 innemo-

462 971 536 1028 rata
560 965 592 1027 di
619 964 745 1037 Ftavio,
768 982 786 1025 e
811 964 842 1026 ia
866 964 1013 1044 supplico
1044 980 1063 1026 a
1093 963 1262 1027 sevorirta.
1287 964 1342 1026 Lei
1373 964 1417 1045 gii
1449 963 1602 1044 rispnnde

462 1099 577 1164 sapere
599 1100 694 1146 come
719 1083 834 1145 Flavio
858 1078 969 1145 altresi
996 1100 1073 1145 ama
1097 1083 1149 1156 tei,
1172 1099 1190 1142 e
1212 1082 1273 1145 che
1296 1081 1314 1146 e
1339 1099 1395 1162 per
1421 1100 1598 1162 procurare

462 1202 485 1264 it
509 1208 663 1265 contento
686 1201 717 1264 di
744 1201 906 1278 embedue
931 1201 960 1263 ie
986 1202 1081 1281 parti.
1105 1202 1236 1264 lntonto
1261 1202 1335 1264 vien
1360 1202 1444 1264 inori
1476 1203 1599 1264 Panto-

463 1319 547 1391 tone,
569 1336 587 1379 e
612 1316 798 1378 rimanriatn
822 1315 974 1379 Corneiia
999 1316 1033 1377 in
1058 1333 1147 1388 casn,
1169 1321 1256 1377 resta
1271 1333 1333 1377 con
1356 1315 1514 1388 Uiivette‚
1533 1316 1599 1377 etia

461 1436 558 1516 quale
573 1437 599 1497 si
616 1434 848 1505 reccomnndn
864 1451 882 1495 e
899 1434 929 1495 ie
945 1434 1095 1514 supplica
1110 1451 1130 1497 a
1146 1434 1330 1497 interceder
1346 1452 1403 1515 per
1417 1434 1464 1497 ini
1483 1438 1594 1515 presso

460 1554 577 1621 Diana.
601 1549 629 1616 si
652 1553 715 1616 che
738 1553 847 1632 quelle
870 1553 897 1614 si
921 1552 1082 1634 dispongn
1107 1570 1126 1615 a
1149 1554 1351 1616 contentnrsi
1370 1552 1402 1614 di
1429 1553 1599 1633 prenderio

461 1689 519 1752 per
553 1671 681 1734 merito.
709 1670 778 1737 Con
808 1676 922 1749 questa
945 1670 1120 1733 occasione
1146 1670 1289 1734 Uiivetta
1313 1670 1340 1733 si
1365 1669 1395 1732 ia
1419 1672 1593 1750 componi

460 1797 592 1853 entrare
615 1790 649 1852 in
673 1790 925 1871 regionamento
940 1806 1002 1852 eon
1022 1788 1247 1863 Pentelenee
1268 1791 1456 1870 mostrergti
1472 1798 1597 1870 quanto

460 1903 549 1970 carin
568 1912 654 1970 stete
672 1907 794 1988 meglio
812 1906 934 1989 oir’egii
952 1923 1067 1970 avesse
1083 1913 1275 1970 contentato
1289 1923 1351 1969 sno
1366 1905 1517 1988 ssgtinoto
1534 1926 1596 1971 eon

460 2025 629 2107 tescinrgii
652 2042 767 2105 sposar
784 2025 900 2092 Diana.
923 2025 974 2087 dei
1000 2024 1098 2105 quate
1116 2026 1230 2087 averia
1248 2020 1303 2106 gin
1320 2026 1431 2088 vednti
1450 2027 1459 2087 i
1475 2029 1598 2106 nepoti.

460 2144 546 2206 dove
568 2159 628 2205 ora
650 2144 677 2205 si
705 2150 844 2206 trorarn
863 2160 943 2206 aver
965 2159 1059 2223 perso
1081 2142 1103 2204 ii
1129 2141 1279 2224 flgiiuoio
1301 2160 1319 2204 e
1342 2161 1432 2206 esser
1454 2144 1487 2206 in
1513 2146 1598 2210 ‹iub-

459 2261 516 2324 bio
537 2261 571 2323 di
597 2268 688 2342 poter
716 2261 848 2325 riveder
871 2259 925 2341 piri
951 2261 981 2323 ia
1006 2264 1113 2341 prime
1137 2278 1202 2323 non
1225 2260 1287 2323 che
1311 2261 1341 2323 ic
1366 2262 1507 2325 seconde
1538 2283 1596 2343 ge-

460 2380 646 2442 neracione.
669 2379 717 2443 Lo
739 2396 937 2443 communve
960 2397 980 2440 a
1002 2380 1118 2459 picoto
1141 2395 1159 2439 e
1182 2396 1203 2440 a
1227 2379 1438 2459 pentirnento
1457 2398 1476 2443 e
1499 2381 1597 2443 tinai-

460 2503 570 2560 mente
595 2498 638 2579 gii
654 2505 824 2578 prometto
847 2499 880 2561 di
904 2499 1048 2561 nintnrio
1070 2516 1089 2560 e
1112 2498 1163 2561 ier
1187 2494 1243 2578 pin
1266 2498 1299 2561 di
1323 2499 1434 2578 quetio
1461 2499 1523 2561 cire
1552 2500 1597 2562 ha

460 2633 639 2697 promeseo·
666 2618 847 2681 Pantatone
871 2626 966 2680 torna
988 2618 1022 2680 in
1046 2634 1146 2690 cesa,
1169 2636 1187 2678 e
1213 2618 1358 2683 Uiivetta
1380 2617 1449 2680 soie
1473 2619 1500 2681 si
1525 2620 1595 2682 ride

458 2734 512 2797 dei
534 2735 586 2798 bei
610 2736 679 2798 cnei
703 2735 790 2799 deiia
812 2735 955 2808 fortune,
980 2735 1119 2798 essendo
1143 2736 1264 2799 ridotta
1287 2753 1307 2798 a
1331 2734 1381 2798 ier
1404 2734 1427 2797 it
1452 2735 1595 2799 rufflano

459 2870 518 2934 per
541 2853 564 2915 ii
589 2854 713 2935 padre,
737 2872 794 2936 per
819 2855 850 2917 ta
874 2855 992 2918 sorello
1021 2872 1040 2916 e
1068 2854 1321 2935 petronnano,
1356 2875 1373 2916 e
1409 2872 1428 2916 a
1464 2857 1593 2918 doversi

459 2973 640 3036 schermire
662 2974 739 3037 dett'
753 2977 875 3055 impeto
898 2975 929 3036 di
954 2975 1088 3039 Tniano.

857 3324 969 3388 ΑΤΤΟ
994 3324 1199 3389 SECUNDO.

950 3612 1051 3674 Senon
1079 3615 1098 3676 Ι.

721 3895 900 3960 Pontntoue
922 3919 937 3960 r
961 3900 1133 3966 Borattt'ne
1155 3920 1213 3966 sno
1233 3923 1331 3966 servo.

547 4239 727 4304 Pantnione
751 4243 824 4306 dice
848 4260 868 4305 a
891 4243 1065 4306 Bnrattino
1089 4260 1153 4306 non
1178 4243 1277 4306 reder
1307 4242 1398 4307 i'ora
1421 4242 1453 4304 di
1478 4259 1593 4322 sposnr

456 4353 576 4428 Dione,
598 4374 617 4418 e
641 4354 718 4437 pero
742 4359 774 4421 io
798 4361 918 4424 monde
943 4378 963 4422 a
986 4377 1067 4424 casn
1089 4360 1123 4424 di
1146 4360 1256 4441 qneiin
1280 4377 1300 4423 a
1325 4361 1455 4442 pariere
1478 4377 1499 4423 a
1521 4360 1592 4427 Uti·

458 4478 572 4548 retto,
606 4492 625 4537 e
659 4476 828 4541 intendere
850 4479 961 4558 qnetio
983 4479 1046 4542 che
1069 4479 1114 4543 ha
1137 4478 1229 4544 intto.
1253 4481 1350 4545 Parte
1373 4479 1554 4544 Pantaionc
1575 4497 1595 4565 e

457 4610 498 4655 vn
521 4610 542 4656 o
566 4595 596 4656 ie
621 4596 754 4675 pinnen:
776 4613 796 4660 e
817 4597 991 4662 Burnttino
1015 4598 1089 4662 dice
1111 4616 1200 4664 eseer
1229 4606 1361 4664 ornante
1383 4599 1417 4662 di
1437 4598 1592 4667 Ulivettn·

454 4733 473 4778 e
498 4715 623 4781 roierin
647 4715 822 4779 dimnndar
846 4733 901 4797 per
925 4716 1055 4797 mogtie.
1080 4719 1131 4781 Va
1154 4735 1175 4779 a
1198 4719 1324 4782 battere
1347 4717 1413 4781 etia
1438 4723 1541 4799 porte.
1593 4772 1596 4777 .
