4117 5809
453 690 517 756 378
875 703 947 747 virs
974 701 1002 744 ut
1028 699 1163 744 crastiua

545 834 636 910 Quod
656 835 827 916 praeceptis
853 829 1034 911 hujusmodi
1052 828 1197 908 juveniti,
1223 838 1289 916 tum
1310 829 1451 907 primum
1474 842 1534 887 suo
1552 825 1584 885 in

452 957 557 1018 anima
580 973 600 1016 a
625 951 762 1025 Natura,
787 972 807 1014 a
832 945 1051 1022 Genitoribus,
1074 966 1095 1009 a
1119 944 1244 1009 Studiis
1268 955 1297 1008 et
1321 963 1341 1007 a
1368 943 1585 1023 Praeceptoris

453 1073 594 1134 doctrino
617 1069 788 1151 impressis,
810 1066 1009 1130 suavissimis
1027 1066 1230 1145 propriarum
1249 1060 1437 1142 Principum
1452 1061 1589 1140 imperiis

453 1188 646 1269 nutibusque
665 1204 696 1248 se
718 1186 810 1264 piane
833 1183 1000 1255 devocent,
1020 1192 1115 1261 atquc
1131 1181 1204 1243 tsine
1219 1179 1261 1243 ab
1275 1177 1421 1259 tepentia
1439 1174 1588 1239 Serenis·

454 1309 534 1395 simi
544 1302 836 1369 adnotatam
851 1302 893 1366 tt
907 1302 1099 1380 benipnitate
1116 1300 1212 1381 ptura
1226 1299 1286 1362 ribi
1301 1299 1398 1372 uitro,
1416 1297 1591 1378 praoiaaue

453 1441 598 1496 munera,
620 1423 769 1486 rnauimis
791 1440 862 1484 cum
887 1422 1057 1484 nonoribus
1077 1437 1115 1482 ac
1133 1417 1296 1499 stipendiis
1317 1417 1442 1496 tuerint
1467 1415 1591 1483 cadmo.

455 1544 659 1624 certatimque
682 1558 702 1604 a
725 1537 934 1603 Serenissima
954 1535 1104 1601 COSMO
1120 1535 1180 1598 ttt
1194 1534 1438 1617 incomparabili
1456 1534 1592 1597 clemen·

456 1664 498 1723 tia
517 1660 619 1723 denuo
642 1660 816 1739 impartita,
839 1660 872 1718 in
895 1657 1009 1737 quibus
1035 1661 1061 1716 ts
1085 1654 1293 1716 deditissimus
1309 1654 1406 1718 citent
1420 1671 1479 1733 per
1495 1655 1594 1732 quin-

454 1778 610 1856 quaptnta
631 1775 697 1855 (ere
720 1791 834 1847 annas,
856 1791 978 1852 semper·
1000 1781 1084 1835 totas
1107 1772 1227 1851 suerit,
1251 1771 1353 1852 iisque
1375 1768 1540 1851 (veritate
1563 1780 1592 1830 et

449 1891 576 1972 justitia
599 1889 750 1976 ducibus)
772 1891 889 1954 eximia
910 1890 1086 1974 sedulitate,
1107 1899 1137 1951 et
1159 1891 1316 1952 constanti
1337 1886 1397 1968 fide
1419 1889 1464 1952 ad
1486 1898 1594 1952 eutro-

456 2027 543 2073 mum
568 2025 666 2090 usque
688 1987 892 2089 responderit.

544 2123 637 2201 (teat
647 2126 792 2209 denaus,
804 2126 841 2189 ab
854 2127 927 2189 naec
940 2127 1059 2196 amnia,
1072 2122 1193 2189 LUDO
1201 2124 1289 2188 tras
1303 2122 1456 2189 MAGNI
1467 2123 1594 2190 Gaitia·

455 2262 528 2310 rum
546 2254 574 2308 et
593 2241 761 2310 Navarrae
779 2246 976 2308 invictissimi
1005 2243 1097 2325 Rapis
1126 2244 1405 2321 christianissimi,
1428 2255 1596 2328 tamquam

458 2363 606 2427 Numinis
629 2365 695 2439 tui,
711 2365 872 2450 judicium
895 2382 933 2427 ac
956 2365 1148 2427 satientatem
1170 2365 1375 2444 promeritus,
1397 2365 1598 2445 amplissima

457 2469 536 2563 ejus*
548 2495 703 2563 aupustae
722 2483 917 2548 tiberatitatis
936 2483 1020 2547 Mna
1036 2484 1211 2547 diutissime
1234 2486 1275 2547 rit
1299 2493 1500 2549 consecutus.

707 2598 1009 2666 SIMULACRUM
1029 2600 1120 2665 HOC
1143 2600 1345 2667 AENEMM

461 2721 675 2800 Praeceptoris
699 2722 748 2782 sui
769 2731 922 2802 perpetua
945 2722 1148 2785 ueneratione
1172 2723 1370 2804 dipuissimi,
1403 2740 1446 2786 eo
1481 2721 1600 2786 Prata·

456 2840 607 2918 plasmate
630 2855 650 2900 a
673 2838 785 2901 cetebri
808 2836 972 2921 Scutptare
996 2839 1118 2904 Ioanne
1142 2839 1291 2904 coccinio
1312 2856 1420 2904 caram
1443 2839 1597 2904 Serenis·

456 2957 536 3019 sima
556 2952 707 3019 COSMO
724 2955 773 3031 11,
791 2972 878 3019 anna
896 2956 1163 3030 testaceorum
1181 2955 1356 3038 efformata,
1372 2958 1531 3038 anianum
1547 2961 1598 3021 uti

459 3072 624 3148 Mineraat,
648 3087 676 3137 et
701 3077 785 3154 prati
800 3078 901 3139 animi
916 3079 1043 3157 pipnus,
1059 3079 1252 3159 inpcnuique
1270 3079 1388 3141 amoris
1404 3095 1598 3141 monunco-

460 3200 537 3262 tum,
560 3202 614 3262 tat,
639 3201 861 3274 tantorumque
885 3196 1101 3276 beneficiorum
1122 3196 1254 3260 datoris
1276 3205 1440 3259 oeternum
1461 3213 1598 3269 merom,

684 3309 961 3374 Serenissimarum
984 3315 1161 3377 earumdem
1187 3314 1267 3377 MM.
1297 3313 1368 3376 BD.

795 3428 974 3493 Primurius
1001 3430 1254 3505 Mathematicus,

787 3546 907 3610 Aetatis
931 3566 1092 3612 annarrsm
1117 3549 1266 3622 LXXII,

773 3664 867 3728 Anna
889 3685 910 3728 a
932 3667 1026 3730 satur.
1052 3666 1280 3738 MDCXCIM,

801 3785 825 3842 Α
855 3780 986 3846 Gatitaci
1009 3797 1084 3846 ortu
1110 3783 1254 3855 CXXX,

877 3902 926 3965 dtr
951 3907 1081 3968 interitu
1109 3903 1180 3970 stt,

827 4022 952 4085 Primus
974 4025 1095 4104 putiieo
1116 4027 1234 4105 patuit.

553 4255 811 4322 FLORENTIA
838 4276 913 4337 prae
936 4257 1007 4322 aiiis
1037 4258 1171 4324 Urbibus
1197 4258 1291 4323 atto
1313 4263 1406 4326 nimis
1428 4279 1508 4327 caru

745 4374 878 4455 Eourpe
902 4388 995 4454 prata
1017 4387 1046 4439 et
1069 4379 1318 4457 pratutadunda.

469 4491 506 4556 ta
529 4495 611 4555 enim
634 4511 700 4556 nan
725 4497 934 4574 interruptam
965 4498 1156 4573 illustrium,
1179 4499 1420 4580 divinorumque
1451 4498 1600 4564 Virorum

464 4614 574 4675 seriem
604 4612 745 4685 uideres,·
769 4613 872 4677 eadem
895 4632 992 4686 anna,
1016 4633 1119 4678 mense
1142 4635 1180 4680 ac
1204 4617 1263 4691 dic,
1287 4634 1349 4699 qua
1373 4615 1489 4680 Mundi
1515 4617 1601 4680 Can·

466 4729 547 4792 ditur
570 4731 715 4793 substulit
741 4731 926 4794 notitiarum
947 4706 1074 4796 Artium
1092 4753 1168 4813 pene
1188 4732 1419 4814 deperditarum
1435 4731 1600 4805 Picturae,
