4117 5809
723 709 847 755 sanim
873 711 912 755 on
938 710 968 752 v.
993 709 1124 756 vtvtns'r.
1426 692 1494 760 371

450 840 574 904 Veneris
599 842 717 921 sydus,
741 858 780 904 aa
803 843 897 904 etiam
921 839 1075 905 Mercurii
1110 842 1218 904 oarias
1257 839 1364 904 Lunae
1393 843 1492 922 [acies

351 960 515 1032 aemulari,
538 977 576 1022 oo
599 969 771 1041 utrumque
793 959 832 1022 oi
855 958 887 1021 isi
905 958 1035 1041 proprio
1057 967 1146 1022 motu
1167 959 1207 1021 air
1230 974 1346 1024 measa
1368 961 1492 1042 pariter

353 1081 386 1138 iu
408 1088 535 1149 ortum.
557 1078 654 1141 oeiuti
676 1077 787 1150 Mars.
810 1076 966 1158 Iuppiter,
988 1094 1026 1141 oe
1049 1073 1235 1151 Saturnus,
1258 1075 1342 1141 Solis
1366 1078 1491 1157 piabunt

351 1199 527 1271 circumire,
552 1207 619 1259 turo
643 1196 846 1260 Autonomos
870 1195 985 1261 mouit.

443 1316 640 1380 ditissimum
660 1318 862 1398 planetarum
897 1319 931 1377 in
966 1317 1063 1380 uariis
1098 1334 1172 1380 oum
1205 1312 1279 1380 Soio
1313 1316 1489 1398 aspectibus

354 1437 526 1513 teroemina
547 1436 655 1515 speeie,
678 1435 769 1498 moao
791 1434 974 1506 rotantium,
998 1435 1089 1499 modo
1111 1435 1291 1516 obionoum,
1314 1435 1405 1499 modo
1426 1453 1489 1498 au·

352 1565 479 1626 satum:
502 1549 700 1637 Martemque
721 1554 911 1634 Perioaeum
933 1557 967 1616 in
991 1554 1199 1636 quadraturis
1222 1572 1295 1619 eum
1319 1551 1390 1618 Soie
1409 1572 1490 1617 non-

353 1672 430 1734 ninii
451 1673 596 1736 mutilum
619 1690 780 1753 apparere,
803 1680 879 1737 onte
902 1673 981 1739 aiios
1005 1673 1183 1737 admonuit.

438 1790 624 1856 Inerrantes
647 1792 766 1865 stelias,
789 1809 870 1876 quas
903 1809 1037 1855 numero
1057 1791 1224 1873 pauciores
1247 1799 1402 1857 nouerant
1421 1795 1490 1874 pri·

348 1912 403 1983 soi.-
425 1928 463 1974 ao
483 1910 580 1974 ueluti
600 1909 703 1975 atavos
726 1910 821 1974 unioa
842 1910 1000 1992 saiidaaue
1025 1907 1106 1974 Oroi
1129 1914 1222 1993 fixas.
1245 1911 1340 1992 quasi
1371 1914 1487 1983 auoit,

349 2028 423 2091 dum
448 2045 566 2103 nanas,
587 2039 616 2090 et
638 2036 714 2092 onte
734 2043 766 2090 se
790 2045 956 2110 nunquam
991 2030 1099 2101 oisas,
1121 2030 1155 2090 in
1182 2025 1311 2092 Orionis
1333 2046 1431 2098 ense.
1453 2031 1486 2091 io

351 2146 541 2227 Piejadiour.
565 2149 599 2210 in
622 2146 809 2220 Neauiosis‚
837 2149 872 2211 in
901 2144 1012 2212 laateo
1043 2146 1192 2220 circuio,
1216 2157 1244 2209 et
1276 2147 1415 2230 undique
1433 2166 1489 2229 per

350 2265 497 2342 Corium.
532 2267 670 2340 deteait.
692 2277 721 2330 et
745 2267 786 2330 ad
811 2263 870 2329 Dei
891 2267 1152 2347 omnipotentiam
1185 2269 1286 2344 manis
1321 2269 1483 2348 mapisque

347 2385 582 2460 declarandam,
605 2387 746 2469 infinitas
769 2386 866 2448 vetuti
891 2385 1052 2465 tompoaor
1074 2393 1223 2465 perpetuo
1242 2384 1405 2457 ardentes,
1429 2401 1486 2466 per

350 2506 504 2568 immonsa
524 2504 699 2587 fluidorum
722 2505 885 2569 coriorum
900 2504 1005 2586 spatio
1022 2502 1164 2568 ioaatiter
1178 2501 1360 2578 immobiles,
1376 2503 1429 2566 sea
1445 2502 1489 2566 aa

348 2623 451 2686 instar
474 2620 578 2698 Satis,
598 2625 685 2688 eirea
705 2626 836 2706 propria
866 2632 975 2686 oentru
1003 2623 1208 2693 renotuiiies.
1244 2621 1286 2685 ati
1316 2621 1485 2702 primarios

346 2749 374 2802 et
396 2741 598 2805 secundarios
617 2744 818 2824 propriorum
841 2738 1059 2821 Sostomatum
1081 2742 1222 2819 ptoneros
1256 2739 1481 2823 oioitieanrios.

346 2869 479 2934 areatas,
497 2861 672 2924 arbitrator
695 2869 751 2924 est.

437 2978 524 3043 Joois
554 2977 709 3044 Sateiiites
737 2979 865 3045 Pataoii
894 2978 959 3044 Vt!
984 2979 1061 3043 Itius
1096 2979 1248 3044 Ianuarii
1274 2979 1486 3050 anni1610.

346 3107 419 3162 ante
440 3116 545 3161 omnes
566 3100 716 3179 primum,
738 3109 858 3182 etpost
881 3108 943 3165 tres
968 3100 1187 3164 tantummodo
1209 3101 1437 3162 obseruationes
1465 3118 1486 3162 a

345 3231 378 3278 se
389 3224 545 3297 peractas,
562 3216 703 3290 aeteetos,
718 3225 887 3300 perpetuae
903 3214 1147 3284 Maotcaost
1154 3215 1218 3281 Ui!
1236 3214 1414 3280 euocati
1421 3215 1484 3280 1111
1622 3221 1625 3228 “

344 3335 463 3415 pioriae
487 3334 626 3410 dioaoitr
646 3353 783 3420 quorum
805 3339 1043 3402 roneitotissimi
1065 3347 1168 3401 motus
1202 3345 1341 3416 aspectu,
1358 3335 1487 3417 jamdiu

342 3453 470 3532 [muira
491 3456 670 3538 quaesitam
689 3456 850 3536 proiiemo
881 3454 918 3520 tir
945 3455 1084 3520 ioeorum
1104 3453 1372 3532 loupitmiinibus
1391 3462 1486 3518 naetu

344 3570 516 3651 captandis,
528 3572 764 3652 proposuitrita
776 3580 812 3635 ut
825 3576 913 3635 noeis
931 3569 1028 3636 GEN
1029 3568 1101 3634 TIS
1119 3568 1361 3634 MBDIOEAE
1373 3573 1484 3651 auspi·

344 3688 398 3752 oiis
419 3684 620 3770 Geoprapiiia
640 3697 670 3750 et
691 3686 905 3767 laroqrapitia
927 3689 1058 3767 eorrioi,
1076 3690 1215 3760 restitui,
1236 3705 1274 3750 ae
1295 3689 1404 3767 perfiei
1424 3687 1484 3749 sia·

344 3814 413 3868 tum
435 3808 499 3875 sitr
521 3803 596 3868 aum
621 3803 836 3869 Mediaearum
860 3802 1034 3869 Stellarum
1057 3815 1161 3869 motus
1188 3805 1369 3886 perimitur,
1393 3814 1422 3867 et
1443 3805 1485 3866 ao

342 3924 419 3989 Jove
453 3924 641 3998 distantias,
666 3925 806 4006 improbo
829 3927 950 3988 trienni
973 3924 1076 3987 iubare
1099 3934 1287 3997 assecutus,
1310 3924 1353 3987 aa
1374 3940 1486 3987 earum

344 4045 488 4107 citissime
505 4045 654 4108 abeuntes
669 4053 813 4125 aspertus
827 4043 1114 4124 praenunciantur.
1131 4041 1277 4107 canones
1296 4051 1324 4106 et
1347 4038 1483 4105 Potnias

343 4163 498 4244 sanserit:
517 4164 691 4245 spretisque
713 4165 908 4246 amplissimis
928 4165 1075 4244 praemiis
1097 4164 1154 4234 iis.
1177 4163 1233 4244 qai
1257 4170 1383 4226 tantum
1405 4178 1481 4242 pra·

345 4281 441 4344 tiemo
462 4281 645 4355 enodarem,
665 4283 851 4363 promissis.
871 4283 1017 4364 proprias
1041 4283 1137 4345 etiam
1166 4278 1344 4354 rusorum,
1376 4276 1484 4344 Pais·

344 4398 389 4461 tos
406 4407 434 4461 et
451 4396 691 4480 Epiemeridas.
710 4401 854 4481 proprios
876 4403 990 4483 optisos
1010 4399 1115 4472 rotor,
1137 4399 1363 4481 propriumque
1379 4396 1484 4463 Horo-

339 4517 455 4597 inpium
480 4514 714 4584 Oreittatoriurn
736 4536 758 4583 a
781 4537 814 4584 ss
830 4520 903 4602 jam
924 4537 945 4585 a
965 4519 1113 4602 piurious
1136 4519 1231 4582 annis
1256 4516 1342 4582 Pisis
1357 4519 1484 4597 eamp-

345 4645 467 4709 totum,
489 4656 527 4701 oe
550 4639 681 4720 insuper
711 4637 794 4703 Viros
818 4641 930 4704 itarum
953 4641 1238 4704 instrumentorum
1262 4654 1358 4701 usum
1386 4635 1483 4716 probe

342 4755 507 4827 satiantes,
530 4774 617 4821 ortuo
646 4755 755 4828 1615,
792 4754 949 4820 Gatitait'ao
982 4757 1122 4838 primam
1153 4753 1233 4834 Repi
1263 4747 1487 4816 PHILIPPO
