4117 5809
883 705 955 750 vtTh
981 703 1010 749 bl
1036 702 1171 749 antimo

894 863 900 931 l
914 860 966 914 Pro
986 858 1154 926 simulacro]

576 992 832 1061 GALILAEUS
849 991 1064 1068 ,LYNCEUS
1087 996 1197 1056 aetatis
1222 1009 1383 1057 annorum
1410 987 1479 1053 HL

977 1109 1079 1185 Oetam

546 1231 839 1303 hstra.h1ore.oe
867 1229 979 1294 Terras
1004 1230 1199 1311 complexura
1224 1237 1323 1293 mente
1337 1226 1509 1309 profundo

680 1347 829 1410 Credibile
853 1349 887 1409 in
910 1347 974 1410 solo
997 1363 1124 1408 cecinere
1149 1354 1263 1409 cuncto
1295 1344 1369 1408 lieo.

916 1487 925 1497 v
955 1487 1141 1495 --—-——--.

928 1547 935 1616 l
946 1546 971 1599 h
990 1544 1127 1614 dextero)

689 1660 943 1727 AETERNAE
967 1659 1217 1727 MEMORIAE
1248 1659 1353 1725 testo

546 1778 776 1846 antitheo
801 1780 862 1843 DE
887 1778 1145 1856 castaldis,
1169 1780 1312 1854 Patriae.
1332 1779 1504 1851 Etruriae.
1527 1779 1597 1845 lta·

457 1900 524 1974 liae‚
544 1901 607 1965 imo
626 1897 777 1979 Europae
801 1902 894 1963 totius
917 1899 1043 1965 delicio:
1068 1898 1286 1982 Philosophiae
1301 1902 1498 1962 renascentis
1517 1900 1597 1981 soei:

461 2016 528 2094 (lai
550 2018 692 2082 veritatis
702 2019 835 2099 propius
851 2019 1021 2083 intuendae
1039 2017 1193 2084 desiderio
1206 2017 1285 2082 odeo
1299 2017 1436 2093 ecerat,
1454 2028 1493 2081 ut
1513 2018 1601 2098 lonpe

457 2137 553 2212 scilta,
576 2146 644 2201 tum
667 2147 828 2213 ueterum,
852 2146 919 2202 tum
943 2139 1153 2202 recentiorum
1190 2135 1449 2219 Philosophorum
1486 2137 1603 2217 placita

456 2272 659 2337 propressus,
688 2264 717 2317 et
740 2257 924 2336 posthabitis
960 2256 1157 2320 debilioribus
1193 2258 1409 2320 humanorum
1447 2255 1603 2319 mentium

458 2375 620 2454 copitatis,
656 2376 751 2438 unico
787 2372 984 2439 Geometrioe
1009 2375 1025 2459 (
1034 2395 1131 2461 quom
1154 2376 1195 2440 od
1218 2374 1344 2439 Caelum
1367 2376 1516 2440 oemtotis
1543 2375 1605 2438 du·

458 2513 522 2557 cem
544 2494 674 2559 uocabat
685 2493 701 2578 )
723 2495 846 2559 ouuilio
867 2496 978 2577 [relus.
1004 2497 1087 2558 oiorn
1111 2494 1152 2558 od
1175 2498 1342 2557 veritatem
1364 2493 1484 2557 certius
1509 2493 1603 2556 indo·

453 2611 591 2691 pandam
613 2612 690 2675 alios
712 2615 835 2693 primus
870 2612 995 2686 docuit,
1029 2612 1218 2694 feliciterque
1251 2612 1390 2692 permit,
1426 2610 1600 2673 eomitante

458 2708 578 2812 semper
608 2749 666 2811 per
698 2740 764 2794 tom
796 2731 935 2795 arduum
964 2734 1023 2794 iter
1044 2733 1181 2811 pietate:
1204 2732 1249 2794 ita
1273 2738 1309 2793 ut
1330 2746 1413 2811 quoe
1436 2727 1475 2791 de
1501 2725 1602 2791 Elaris

457 2856 566 2922 aestu,
590 2845 788 2930 Philoleique
810 2857 976 2929 systemate
1011 2847 1177 2921 exercendi
1205 2856 1329 2910 tantum
1353 2846 1477 2925 inpenii
1501 2863 1601 2910 causo

462 2965 478 3052 (
488 2967 573 3050 quod
592 2970 775 3048 praesertim
800 2966 943 3051 Epistola
976 2969 1018 3032 od
1054 2967 1250 3032 christinam
1273 2965 1518 3047 lothorinoiom
1548 2965 1603 3029 de·

460 3091 614 3147 monstrat
624 3083 641 3167 )
664 3088 918 3165 eacoqitocerot.
942 3087 1088 3166 relipioni
1112 3087 1208 3149 libens
1231 3086 1339 3148 animo
1363 3084 1529 3148 litaverit:

551 3199 616 3275 Oui
638 3201 713 3264 dom
738 3200 866 3266 Patauii
889 3201 1065 3268 Motheseos
1091 3203 1279 3267 cathedram
1312 3211 1508 3284 occuparet,
1546 3202 1602 3266 oia

458 3319 579 3393 audita,
603 3319 920 3399 annotabamus
944 3321 1010 3382 trebi
1031 3321 1131 3400 suma,
1156 3321 1279 3402 inpenii
1301 3330 1330 3382 et
1353 3320 1528 3401 dioptrieae
1552 3321 1601 3381 oi·

461 3439 548 3503 ribus
571 3456 638 3503 rem
660 3447 834 3514 assecutus,
858 3439 1063 3502 instrumenti
1084 3448 1281 3504 structuram
1315 3437 1461 3508 incenit.
1496 3434 1601 3500 Seno·

461 3557 570 3641 tuiqtte
599 3557 709 3622 Veneto
732 3559 864 3633 dicauit.v
880 3577 973 3643 quem
996 3559 1080 3623 docti
1109 3559 1173 3624 Viri
1193 3560 1301 3622 merito
1320 3553 1453 3621 Gaiiloei
1472 3556 1600 3620 nornine

410 3691 414 3698 “
461 3679 635 3753 donarunt,
658 3687 694 3743 ut
717 3682 773 3764 qui
793 3682 916 3762 primus
939 3681 1092 3744 invenerit
1117 3680 1253 3761 inpenio‚
1277 3696 1341 3742 non
1364 3695 1453 3741 catu.

552 3797 639 3864 Nouo
661 3801 718 3864 hoe
739 3799 839 3878 [retus
862 3801 1006 3871 ancilia,
1028 3801 1122 3881 quasi
1148 3794 1247 3862 Terra
1268 3795 1336 3878 ejus
1360 3794 1488 3875 incenia
1523 3796 1601 3858 satis

464 3928 638 3992 sonasset,
662 3918 799 3982 hetltero
822 3919 959 3993 reclusit,
983 3900 1140 4000 novosque
1164 3918 1261 3980 ueluti
1285 3912 1383 3979 Orbes
1403 3912 1601 3995 Philosophia

462 4045 490 4097 et
514 4036 712 4100 Astronomis
736 4039 871 4120 operuit.

551 4155 593 4219 In
616 4155 711 4221 Lrsno
733 4167 875 4233 montes,
897 4156 1015 4231 colles,
1036 4155 1194 4238 planities,
1214 4153 1403 4237 periodieant
1427 4151 1497 4233 ejus
1522 4151 1603 4214 disci

464 4271 678 4339 librationem
691 4294 701 4347 ,·

555 4389 594 4454 ln
616 4389 699 4465 Sole,
715 4393 902 4457 nitidissimo
920 4393 998 4457 lueis
1014 4392 1110 4473 sonte,
1136 4392 1281 4466 nubium,
1296 4408 1333 4454 oc
1351 4390 1523 4452 demotum
1546 4408 1602 4453 co-

463 4509 596 4593 lipinum
619 4512 725 4574 instar
748 4521 905 4575 noscentes
939 4522 969 4575 et
999 4521 1197 4576 renascentes
1228 4509 1388 4578 maculas.
1411 4509 1480 4590 eius
1516 4510 1602 4572 ciero

460 4630 624 4714 proprium
648 4639 815 4706 centrum,
837 4631 901 4712 {ere
924 4641 1123 4695 menstruam
1146 4633 1186 4694 ab
1209 4648 1324 4694 occaso
1348 4629 1381 4690 in
1403 4636 1510 4692 ortum
1529 4645 1601 4691 uer·

465 4750 613 4836 tipinem,
636 4750 760 4830 primus
784 4749 1017 4814 animaduertit.
