4117 5809
561 660 613 705 xtv
910 657 1125 704 tttuhtoutttlla
1149 658 1344 704 dthttttttttt.

559 783 598 839 te
614 787 667 839 cu
684 786 802 840 ccum
818 786 848 838 u
865 783 972 838 usum
988 784 1057 837 utu
1077 781 1165 852 osee
1181 786 1211 837 u·
1231 782 1346 845 nuuc,
1358 784 1447 853 quun
1465 785 1521 838 cuc
1537 766 1709 838 tronum

630 885 672 940 dcl
701 885 781 940 tttt
802 885 922 956 coneda
939 886 982 939 del
1001 883 1110 941 bettoni
1126 885 1168 939 dei
1190 884 1291 951 tuot,
1310 886 1492 954 riproducono
1517 900 1571 953 pur
1595 900 1653 939 eere
1683 885 1707 937 il

630 984 743 1057 lliulopo
759 986 823 1040 duii'
834 987 954 1039 edizione
970 986 1001 1039 dl
1020 985 1148 1049 Pudouu3
1166 988 1193 1040 iu
1211 996 1306 1041 nostru
1323 988 1452 1053 edizione,
1478 986 1556 1040 Touto
1572 985 1599 1046 1,
1619 986 1646 1039 io
1666 986 1704 1039 dd

626 1085 677 1154 plit
700 1086 788 1140 intero
806 1101 820 1138 e
837 1093 951 1138 corretto
969 1085 1000 1138 di
1017 1093 1083 1140 tutte
1100 1094 1199 1154 ouante
1218 1086 1241 1140 le
1258 1086 1417 1154 precedenti.

559 1185 603 1240 Fu
613 1188 661 1254 poi
672 1187 789 1241 beutorto
803 1186 901 1241 eoltuto
918 1188 948 1240 in
966 1187 1059 1256 tinpuu
1075 1188 1162 1241 lutino
1173 1188 1209 1242 du
1221 1186 1320 1242 liuttiu
1332 1184 1504 1257 Bernepperu
1516 1186 1602 1254 quello
1615 1193 1705 1240 stesso

627 1287 675 1341 cite
691 1287 736 1358 pid
753 1303 836 1343 ocean
854 1289 971 1343 trudotto
988 1289 1010 1343 ii
1028 1297 1142 1344 truttutu
1158 1290 1202 1343 dei
1221 1288 1385 1358 compasso,
1408 1305 1422 1340 e
1446 1288 1599 1357 pubblicum
1626 1303 1705 1340 conce

627 1403 775 1456 oppresso:

557 1488 686 1560 systema
702 1487 861 1544 Cosmicum
879 1487 997 1544 authore
1015 1488 1142 1543 Galliaco
1160 1487 1276 1543 Galilaei
1299 1489 1411 1558 lynceo
1430 1487 1601 1543 Academiae
1625 1487 1706 1541 Pisa·

628 1605 681 1643 nae
700 1588 899 1644 mathematico
918 1590 1062 1660 primario,
1083 1590 1112 1643 in
1131 1603 1186 1660 quo
1199 1593 1318 1658 quatuor
1332 1588 1454 1657 ilialogis
1469 1588 1505 1645 dc
1516 1588 1625 1642 duobus
1642 1603 1706 1642 nna·

627 1689 712 1744 xlmis
731 1689 827 1744 blandi
846 1689 1065 1760 systematum,
1087 1689 1255 1744 Ptolemaiou
1274 1694 1301 1744 ei
1320 1687 1529 1757 Copernicano‚
1553 1677 1705 1758 utriusque

627 1788 782 1843 rationibus
801 1787 1001 1859 philosophicis
1012 1804 1045 1844 nc
1059 1790 1231 1844 naturalibus
1251 1788 1397 1845 indefinite
1411 1789 1571 1859 propositis,
1585 1788 1707 1844 disseri·

627 1894 687 1954 tur,
706 1904 743 1943 ex
761 1889 853 1944 italica
871 1888 966 1958 lingna
984 1890 1071 1945 iatine
1091 1905 1269 1946 conversum.
1289 1890 1416 1945 Accessit
1438 1888 1590 1960 Appendix
1613 1891 1706 1957 gemi-

628 2006 682 2055 na,
708 2006 763 2060 qua
781 1990 808 2044 S.
829 1991 990 2061 Scripturae
1008 1992 1082 2046 dicta
1110 2007 1174 2047 cum
1202 1990 1307 2046 Terrae
1326 1991 1481 2047 mobilitate
1503 1989 1705 2045 conciliantur.

628 2091 771 2160 Augustae
789 2090 908 2146 Trehoc.
929 2092 1071 2162 impensis
1089 2091 1302 2148 Eiueririorum.
1329 2089 1417 2161 Typls
1440 2090 1555 2145 Davidis
1581 2089 1706 2156 Brutti,

629 2194 707 2257 1636,
723 2192 817 2247 inito.

560 2289 597 2347 le
613 2293 665 2347 due
683 2292 833 2363 Appendici
850 2296 890 2349 lvi
909 2295 1061 2349 diciturute
1080 2311 1144 2348 cono
1164 2294 1191 2348 tu
1212 2293 1347 2349 Perioche
1365 2294 1392 2348 di
1414 2293 1538 2362 liepiero
1555 2308 1569 2345 e
1587 2292 1614 2345 lu
1638 2292 1707 2347 leet·

630 2398 688 2449 ture
705 2392 750 2450 dei
771 2393 924 2449 Fuscarini.

556 2495 631 2550 Altre
647 2497 765 2551 editim
781 2498 852 2552 delto
870 2499 992 2552 Mdntu
1003 2476 1172 2553 troducione
1186 2500 1288 2564 [eroso
1307 2498 1330 2550 le
1349 2498 1487 2565 repetenti:

553 2595 686 2667 Dialogus
711 2599 748 2654 du
774 2597 933 2668 systemate
949 2599 1062 2662 blaudi,
1091 2604 1204 2654 auctore
1235 2596 1361 2652 Galliaco
1390 2593 1512 2651 Galilaci
1541 2600 1595 2650 etc.
1629 2592 1704 2662 hug·

623 2698 692 2752 doni
711 2700 790 2757 tuit.
810 2699 908 2760 inito.
927 2698 1087 2766 sumptibus
1107 2696 1147 2750 io.
1167 2697 1285 2749 Antonii
1305 2693 1470 2763 liuguetan.

555 2794 684 2865 systema
702 2795 860 2850 Cosmicum
889 2795 1006 2852 authore
1035 2794 1162 2850 Galliaco
1181 2792 1300 2850 Galilaei
1320 2793 1433 2865 Lynceo
1460 2798 1514 2850 etc.
1544 2810 1581 2849 ex
1606 2791 1705 2847 italica

627 2893 721 2960 lingua
740 2892 827 2948 iatine
845 2909 1023 2949 conversum.
1044 2893 1173 2949 Accessit
1193 2893 1346 2963 Appendix
1369 2895 1481 2964 gemina
1503 2898 1556 2949 etc.
1577 2891 1703 2947 hundini

626 2995 707 3058 1663,
728 2994 833 3048 in-bro.
853 2993 963 3049 Prostat
979 2995 1096 3050 roenale
1108 2995 1182 3063 apud
1198 2991 1335 3051 Thomnm
1349 2993 1441 3061 ilices,
1462 2995 1515 3050 sub
1533 2994 1615 3062 signo
1634 2989 1705 3046 Gai-

631 3092 705 3149 linse
723 3098 753 3149 et
772 3092 913 3149 Paliurum
935 3096 963 3149 in
985 3094 1155 3151 coemiterio
1171 3093 1205 3150 Ι).
1226 3093 1314 3150 Pauli.

555 3190 673 3249 Galilael
692 3190 810 3249 Galilaei
833 3191 950 3264 Lyncei,
969 3194 1186 3252 Academiarum
1200 3193 1321 3250 Pisanus
1344 3209 1377 3250 ac
1403 3193 1556 3250 Patavinae
1575 3190 1705 3248 Philoso-

630 3289 678 3363 phi
691 3306 723 3346 nc
736 3290 929 3347 Mathematici
948 3293 1063 3359 summi,
1084 3292 1215 3364 Sysiemn
1230 3292 1390 3349 Cosmicum
1412 3294 1440 3348 in
1459 3309 1515 3365 qno
1529 3298 1583 3348 etc.
1596 3291 1703 3346 Acces-

537 3383 543 3394 ’
631 3390 668 3446 sit
682 3389 769 3446 altera
786 3388 838 3444 hac
848 3389 982 3456 editione,
997 3396 1108 3461 praeter
1120 3392 1345 3449 conciliationem
1361 3394 1486 3448 iocorum
1499 3391 1527 3446 S.
1537 3390 1703 3461 Scripturas

628 3504 694 3545 cum
707 3487 812 3545 Terrae
828 3491 990 3556 mobilitate,
1001 3492 1128 3564 ejusdem
1141 3491 1287 3548 Tractatus
1296 3493 1332 3550 de
1342 3494 1430 3561 Motu,
1442 3508 1516 3548 nunc
1529 3493 1650 3563 primum
1662 3507 1702 3547 cx

629 3588 721 3644 ilelico
739 3604 871 3644 sermone
891 3590 918 3644 ln
938 3591 1056 3647 latinum
1076 3607 1185 3648 versus.
1203 3590 1291 3659 Lugd.
1309 3589 1406 3648 Briau.
1422 3593 1583 3658 ibbo-1700,
1600 3591 1700 3644 inito.

626 3689 710 3760 Apud
728 3689 907 3746 Fredericum
928 3690 1052 3761 iiaaring
1070 3697 1098 3749 ct
1117 3690 1254 3747 Davidem
1274 3691 1442 3747 Severinum
1462 3688 1641 3761 Bibliopolas.

558 3790 658 3846 Coutro
676 3791 698 3846 ii
716 3789 830 3861 Diuiopo
846 3791 1022 3849 de’iiursinri
1042 3792 1150 3848 Sirtemi
1167 3808 1283 3848 crunno
1299 3793 1395 3860 fuori:

556 3889 749 3948 habitationes
767 3893 796 3947 in
818 3894 963 3963 Dialogum
983 3893 1100 3950 tlaiiinei
1121 3892 1240 3949 Galilaei
1260 3892 1366 3963 Lyncei
1386 3893 1414 3946 ln
1428 3889 1585 3962 Gymnasio
1598 3890 1702 3946 Pisano

628 3991 816 4048 iiathematici
836 3994 1075 4063 supraordinarii‚
1099 4000 1212 4050 auctore
1236 3990 1353 4047 Claudio
1371 3989 1524 4061 Berigardo
1545 3991 1575 4046 in
1598 3989 1700 4047 endem

628 4089 780 4145 Academia
799 4090 1003 4163 philosophiam
1023 4093 1189 4164 profitente:
1210 4092 1256 4148 uhi
1278 4095 1389 4145 notetur
1405 4090 1541 4160 Simplicii
1559 4091 1602 4146 vel
1620 4104 1702 4160 prae·

628 4189 762 4244 varicatio
780 4191 824 4244 vel
849 4190 1023 4259 simplicitas,
1043 4192 1117 4261 quod
1138 4191 1245 4245 nullum
1265 4187 1367 4243 efficax
1387 4202 1536 4258 superesse
1556 4186 1700 4255 Peripate·

628 4287 691 4343 licis
707 4294 903 4356 argumentum
922 4289 956 4341 nd
976 4287 1081 4345 Terrae
1099 4289 1322 4344 immobilitatem
1343 4287 1514 4356 probandam
1537 4292 1593 4342 tam
1619 4284 1702 4339 inciie

626 4389 806 4444 concesserit.
825 4388 868 4442 Ad
888 4389 1106 4446 Serenissinrum
1127 4389 1336 4446 Ferdinandum
1353 4387 1380 4443 il
1399 4389 1533 4456 Magnum
1549 4386 1700 4442 Hetruriae

627 4489 743 4545 Ducem.
763 4489 920 4546 Florentiae
942 4495 1021 4555 1632,
1043 4492 1138 4547 inito.

492 4656 498 4676 ι
559 4589 658 4658 (lucrio
678 4588 792 4645 Claudio
812 4589 961 4661 lieripurdo
981 4590 1185 4661 (Beaurcgard)
1206 4608 1254 4645 eru
1272 4594 1363 4647 nutieo
1382 4592 1411 4644 di
1430 4587 1550 4643 Montius
1563 4592 1593 4643 in
1613 4586 1701 4641 Fron·

626 4693 689 4744 eiu:
706 4695 739 4760 [u
756 4695 845 4761 primu
866 4692 1017 4763 Sepreturio
1034 4711 1083 4761 per
1103 4695 1125 4746 lc
1145 4695 1233 4748 lettere
1251 4695 1371 4762 [rameri
1397 4692 1467 4745 delio
1492 4690 1701 4746 Grunduchersu
