4117 5809
457 682 522 747 ³80
672 699 742 744 vern
768 699 797 743 at
822 696 955 744 antinoo
979 697 1105 742 scatere
1132 697 1172 742 on
1197 697 1226 739 v.
1248 696 1374 743 vivims.

545 829 719 910 Postquam
743 831 826 891 enim
849 828 885 890 de
909 846 1016 890 rerum
1039 827 1154 890 abditis
1180 828 1258 890 nillil
1273 829 1460 908 promentis
1476 829 1585 889 leuma-

456 967 515 1012 nac
536 956 629 1028 captu
653 967 716 1010 non
739 949 964 1028 conspexisset,
989 957 1022 1010 ut
1049 947 1157 1010 melius
1181 949 1215 1008 in
1240 945 1422 1010 Creatorem
1442 947 1585 1008 anianum

455 1066 646 1141 intenderet,
673 1064 736 1129 lleo
756 1070 977 1146 permittente,
1007 1066 1104 1130 oculis
1140 1067 1290 1137 orlatus,
1314 1083 1369 1145 per
1389 1075 1583 1144 postremum

456 1186 536 1248 uitae
555 1186 809 1266 quinquennium
831 1183 963 1247 diuinae
985 1183 1144 1247 Voluntati
1161 1185 1232 1262 pius
1250 1181 1489 1254 obsecundavit,
1507 1182 1588 1261 quod

336 1289 340 1297 ’
454 1306 581 1385 fortiori
614 1307 722 1368 anino
752 1305 947 1384 praestitisse
980 1305 1185 1383 oqnoscitur,
1216 1319 1280 1383 quo
1313 1300 1588 1365 amantissimam

455 1442 548 1487 sensu
572 1425 606 1485 in
630 1442 711 1487 nono
733 1442 853 1502 semper
876 1421 1045 1500 deteqenda
1067 1420 1173 1497 (uerat
1201 1437 1290 1483 tuus.
1324 1417 1428 1481 Lenta
1465 1418 1590 1480 tandem

456 1550 614 1620 correptus
637 1515 720 1619 [elne
748 1538 865 1622 (quum
891 1539 1045 1602 bonorum
1074 1536 1217 1600 Virorum
1252 1538 1397 1600 instituto
1433 1538 1587 1607 sisausa,

456 1675 508 1720 aes
523 1658 698 1739 proprium,
724 1676 789 1721 non
812 1657 965 1731 alienum,
981 1659 1014 1718 in
1031 1673 1185 1736 pauperes
1201 1655 1331 1730 occulte,
1346 1654 1509 1737 effuseque
1524 1673 1592 1717 ero·

456 1777 579 1856 qando,
602 1785 630 1838 et
653 1775 755 1838 multa
777 1775 950 1853 sinqutaris
971 1775 1095 1854 pietatis
1119 1773 1263 1854 exempla
1284 1772 1447 1857 edidisset)
1475 1775 1590 1835 sensim

454 1895 608 1977 deficiens,
628 1895 732 1975 petitis
754 1894 877 1974 saepius
901 1894 1095 1957 salutaribus
1119 1891 1279 1957 Ecclesiae
1295 1893 1473 1973 praesidiis,
1490 1911 1529 1954 ac
1541 1894 1591 1970 pie

453 2012 615 2091 susceptis,
639 2009 807 2092 Pontificio
835 2007 954 2072 Urbani
984 2009 1065 2073 Vlll
1089 2009 1298 2073 benedictione
1322 2012 1477 2080 munitus,
1507 2012 1588 2089 opti-

453 2146 523 2192 mus
549 2128 763 2211 Pnilmopltus,
789 2131 934 2194 inuocato
951 2131 1079 2210 saepius
1102 2128 1190 2202 lesu,
1212 2129 1421 2193 immortalem
1439 2129 1591 2208 spiritum

456 2245 599 2311 Creatori
609 2266 668 2312 suo
679 2248 811 2312 reddidit
819 2249 1287 2329 pacatissimeannoocnristo
1298 2243 1593 2320 meouucxttt

455 2367 502 2431 die
515 2367 610 2432 llere.
631 2366 712 2432 Viti
728 2368 818 2442 lan,
836 2370 914 2432 liora
929 2378 1061 2448 quarta,
1074 2385 1176 2432 annos
1193 2384 1288 2448 aqens
1308 2364 1489 2438 LXXVII,
1505 2384 1594 2429 men·

454 2504 502 2549 ses
519 2485 559 2557 X.
572 2487 635 2550 dies
653 2486 682 2548 X
689 2485 731 2560 X,
744 2488 779 2550 in
796 2484 990 2551 suburbano
1005 2485 1261 2552 Martellinorum
1273 2483 1403 2549 Arcetri
1419 2483 1522 2560 Rure,
1538 2485 1592 2547 utl

453 2605 620 2686 piusquam
644 2607 776 2684 triqinta
801 2603 844 2690 (1)
868 2622 970 2668 annos
992 2605 1134 2669 sciemiis
1153 2613 1332 2668 aacaoerat.

551 2722 644 2786 Tanti
667 2725 729 2786 oiri
749 2731 923 2804 postremae
946 2723 1159 2787 inquietudini
1178 2723 1350 2787 adstarunt
1377 2723 1532 2798 assidue,
1564 2732 1594 2784 et

453 2854 624 2924 postremas
647 2859 736 2906 uoces
758 2860 924 2923 accepere,
951 2840 1066 2907 Doctar
1094 2842 1276 2907 Vincentius
1305 2841 1434 2915 Filius,
1457 2839 1593 2914 Nurus,

456 2959 689 3033 Proximiorem
715 2958 866 3025 Sacerdos
893 2961 1083 3035 Paroeciae,
1107 2962 1231 3042 duoque
1267 2960 1322 3025 alii
1347 2960 1511 3040 siequlaei
1538 2960 1594 3024 da·

459 3081 565 3143 ctrina
588 3086 617 3143 st
638 3080 753 3160 pietate
770 3090 964 3161 praestantes
987 3081 1029 3145 ad
1051 3081 1242 3162 expiandam
1256 3082 1396 3145 animast
1413 3098 1436 3145 a
1454 3075 1594 3144 Galilaea

452 3196 645 3278 jampridem
670 3197 800 3272 delecti,
824 3200 947 3279 duoque
970 3198 1114 3279 Hospites
1126 3201 1197 3281 jorn
1212 3210 1241 3262 et
1257 3196 1341 3262 Socii
1355 3196 1498 3273 Mensae,
1514 3199 1593 3262 alter

460 3312 666 3395 annqelista
693 3312 891 3379 Torrieellius
914 3319 1117 3383 acutissimus
1135 3315 1301 3381 Geometra
1319 3333 1377 3398 per
1397 3323 1591 3396 postrenum

459 3433 636 3502 trimestre:
656 3430 737 3495 alter
756 3449 811 3513 per
834 3433 982 3497 ultimum
1006 3435 1182 3498 triennium
1201 3434 1388 3498 novissim
1409 3429 1592 3515 Discipulos

460 3561 506 3614 ter
521 3549 609 3632 felic,
634 3548 862 3614 Getttete'o
878 3571 898 3615 a
917 3549 1071 3616 Sereniss.
1092 3547 1395 3616 Fuuotutuuo
1410 3549 1451 3614 ll
1463 3551 1590 3616 adlicite

458 3669 703 3745 commendatus,
720 3672 776 3752 qui
793 3672 995 3736 memoranda
1010 3674 1084 3736 iaec
1097 3673 1213 3753 posuit,
1238 3681 1272 3734 ut
1295 3689 1317 3735 a
1338 3688 1370 3734 se
1392 3672 1428 3733 in
1454 3669 1589 3733 Praece-

457 3796 544 3869 ptore
565 3798 739 3871 conspecta.
754 3791 836 3854 uela
853 3791 1012 3872 Coqnatis,
1033 3790 1160 3862 Amicis,
1180 3789 1336 3866 Famstlis,
1354 3791 1462 3854 seluto
1477 3799 1509 3853 et
1526 3800 1590 3853 tute

458 3908 579 3980 audita.
603 3906 770 3991 Nepotiane
793 3921 821 3973 et
846 3909 982 3974 Posteris
1005 3912 1048 3974 ad
1072 3910 1270 3974 Christianos
1296 3909 1499 3991 Pausulae
1519 3911 1592 3975 edo·

458 4025 580 4103 nendos,
601 4024 732 4107 fideliter
752 4027 903 4106 aperiret:
915 4027 1102 4090 assentiente
1125 4033 1155 4089 et
1172 4025 1305 4106 jubente
1321 4024 1512 4106 matutini
1532 4023 1592 4088 Se·

458 4145 622 4208 renusinno
648 4141 950 4209 renumerata
985 4144 1131 4224 Principe
1166 4142 1318 4208 Etruriae
1350 4141 1591 4225 Prinoqenitc.

460 4255 587 4322 Artium
600 4270 628 4322 et
641 4259 853 4325 Scienliarum
865 4263 1000 4338 Cultore,
1011 4282 1047 4325 nc
1061 4260 1221 4327 Mecenate
1231 4263 1522 4345 munificentissimo
1534 4259 1590 4344 (ἲ).

529 4495 564 4550 lt)
581 4492 637 4540 ima
654 4495 753 4541 decem.
1069 4500 1103 4556 (it
1121 4497 1196 4546 Nate
1216 4498 1259 4549 tt.
