4117 5809
826 713 949 757 summ
975 713 1012 756 ve
1041 712 1070 754 ν.
1096 708 1224 755 vtvtnxt.
1527 692 1590 756 377

457 844 621 923 promovit,
643 859 681 903 ac
705 843 884 934 peometrice
906 841 1140 904 demonstravit.
1171 837 1280 901 Tantis
1307 857 1414 903 rerum
1434 841 1590 902 bumana·

459 978 531 1021 rum
556 960 634 1022 bono
657 960 804 1031 inventis,
818 960 908 1039 samo
925 958 1115 1021 celeberrimi
1139 957 1203 1018 l'iri
1226 958 1261 1019 in
1284 958 1504 1018 aeternitatem
1518 973 1592 1034 per-

459 1095 624 1149 mansuro,
645 1076 817 1151 oblivionis,
842 1084 1076 1157 temporumque
1100 1076 1219 1138 victrix
1243 1074 1457 1153 triumphabit.

549 1194 615 1257 Hoc
639 1203 851 1262 monumento,
874 1193 971 1271 liujus
998 1192 1091 1254 Aeolis
1120 1192 1273 1254 Dominus
1301 1199 1427 1268 pratum
1450 1192 1592 1253 animum

459 1333 533 1394 erqo
556 1314 703 1378 eximiam
725 1315 884 1386 virtutem,
906 1313 944 1374 ob
966 1323 1089 1385 auctos,
1111 1311 1297 1380 illustratos.
1319 1311 1471 1390 perfectas
1495 1319 1590 1371 natu·

459 1437 537 1498 rales
561 1432 726 1504 Scientias.
750 1441 875 1496 tantum
899 1441 1047 1495 testatum
1070 1434 1104 1493 in
1127 1432 1256 1509 (uturas
1279 1439 1396 1493 aetates
1417 1428 1523 1492 voluit.

928 1674 1123 1743 mmmm]

628 1788 859 1855 GALILAEO
883 1788 1068 1864 lNOUAM
1089 1789 1151 1851 DE
1178 1786 1424 1852 cnetbnats
1447 1782 1449 1784 ’

465 1913 597 1975 l’atritio
636 1909 842 1979 Florentino,
884 1907 1162 1972 serenissimorum
1203 1906 1357 1971 Etruriae
1402 1907 1590 1986 bloqnorum

464 2031 584 2094 Ducum
606 2026 901 2093 nasamonas
926 2026 952 2100 l,
978 2025 1116 2090 COSbss
1136 2026 1173 2088 ll
1188 2046 1225 2091 ac
1243 2023 1535 2090 reuocauerat
1555 2023 1591 2088 ll

458 2151 609 2227 primario
629 2146 826 2228 Pbiloropbo‚
849 2165 886 2208 ac
912 2142 1150 2215 Mathematico:
1169 2145 1356 2208 Academico
1370 2162 1442 2208 vere
1457 2143 1591 2225 Lpnceo.

462 2265 685 2347 Geoqrapbioe,
699 2264 958 2345 Hidroqrapbioe‚
979 2262 1255 2344 commoraremur,
1275 2262 1481 2334 Mecbanices,
1503 2261 1592 2343 qu-

461 2387 558 2458 sices,
582 2386 750 2450 detrorum
773 2382 954 2458 Scientiae,
978 2383 1151 2465 opitulante
1187 2379 1384 2452 Geometria,
1412 2381 1593 2463 felicissimo

463 2504 697 2578 tnrtauramn',·
718 2505 823 2567 inanis
848 2503 936 2566 Artis
962 2498 1180 2565 Genethliacoe
1199 2511 1350 2582 perpetuo
1383 2501 1593 2563 insectatoris

593 2676 870 2743 NOVISSIMUS
899 2673 1042 2742 ΤΑΝΤΙ
1068 2676 1161 2742 rust
1186 2670 1456 2741 DISCIPULUS

552 2851 645 2929 Quocl
665 2855 705 2918 ob
726 2872 826 2918 aurea
850 2853 964 2921 Civilis.
983 2851 1111 2916 Moralis
1135 2862 1164 2914 et
1190 2851 1390 2914 Cbristianoe
1410 2847 1610 2931 Sapientiae,

460 2974 600 3045 monitor
621 2973 659 3035 ob
681 2971 855 3052 exemplum
879 2972 960 3033 vitae
984 2971 1068 3032 viam
1091 2970 1234 3031 veritatis
1262 2970 1372 3047 eliqere
1407 2969 1592 3039 curaverit,

459 3105 496 3151 oc
518 3107 575 3166 pro
596 3089 680 3151 virili
699 3096 883 3169 prosecutus
918 3089 1039 3166 [uerit.
1068 3087 1193 3165 judicio
1224 3084 1281 3159 Uei
1310 3074 1373 3148 non
1394 3088 1434 3147 sit
1457 3086 1594 3153 oblitus:

462 3206 613 3271 nonnulla
635 3225 675 3270 ev
697 3207 829 3288 infinitis
862 3205 976 3268 abditis
1010 3199 1108 3277 vera,
1138 3222 1179 3267 ecc
1210 3203 1369 3268 immensis
1400 3200 1592 3267 Geometrioe

459 3327 614 3387 tbesourio
633 3325 908 3407 deprompseritet
925 3342 980 3404 per
1002 3341 1041 3386 ea
1064 3324 1201 3386 bornines
1217 3322 1374 3403 adipsum
1397 3321 1499 3384 Deum
1516 3332 1591 3402 pro·

456 3447 528 3525 pius
552 3444 697 3508 accedere
718 3446 859 3507 senserit.

552 3560 643 3635 Ouotl
657 3563 730 3624 binc
745 3564 905 3623 veritatem
922 3573 949 3622 et
962 3562 1123 3639 Justitiam
1147 3578 1211 3622 erse
1234 3561 1361 3638 sortiter
1382 3575 1591 3638 propuqnan·

458 3681 530 3752 das:
550 3679 758 3750 Mendacium,
774 3681 1027 3752 ostentationem,
1050 3688 1079 3739 et
1103 3679 1279 3758 bppocrisin
1303 3675 1398 3737 veluti
1420 3683 1517 3753 pestes
1537 3674 1590 3736 de·

456 3799 646 3881 supientiae:
669 3799 694 3860 Α
720 3799 809 3878 seqni
835 3800 899 3861 otio
932 3800 1130 3879 potissimum
1154 3795 1413 3866 abborrendume
1437 3792 1591 3885 beneficio

458 3923 492 3982 in
525 3938 618 3993 aere,
651 3918 802 3999 maleficia
825 3919 860 3979 in
882 3919 954 3990 aire
981 3916 1173 3985 incidendae
1209 3913 1412 3976 Benemeritis
1433 3922 1590 3993 quantum

459 4038 525 4115 fieri
545 4043 652 4115 potest,
674 4044 731 4098 aut
754 4042 846 4113 qrato
868 4034 975 4096 saltem
989 4032 1098 4095 animo
1111 4030 1389 4112 satisfaciendume
1416 4027 1589 4110 Unicuique

457 4154 609 4232 promisso
632 4152 771 4231 reliqioro
794 4151 991 4223 exsolvenda,
1014 4149 1182 4231 datamque
1202 4149 1290 4231 paeon
1315 4151 1434 4228 inteqre
1457 4165 1590 4210 servan-

458 4272 552 4341 vam:
579 4270 714 4334 Honeste
743 4272 898 4352 acquisita
919 4287 977 4349 pro
997 4288 1040 4345 se,
1062 4273 1190 4350 suisque
1213 4270 1340 4332 boneste
1363 4267 1591 4348 impendendae

458 4389 618 4453 Avaritiae
640 4389 752 4460 sordes,
776 4398 805 4450 et
828 4392 935 4469 turpia
957 4389 1048 4453 lucra
1066 4389 1250 4459 reiiciendac
1269 4383 1358 4450 Uibil
1372 4389 1406 4449 in
1419 4386 1588 4468 perniciem

457 4510 576 4587 inqrati
596 4510 695 4571 animi
716 4510 791 4571 vitio
813 4508 1025 4572 laborantium
1049 4509 1302 4578 cumulandum:
1322 4505 1479 4589 Reliqua,
1502 4506 1588 4569 omni

452 4625 542 4705 prives
565 4641 635 4688 aere
656 4625 758 4688 alieno
780 4624 937 4698 dissoluto,
956 4627 1101 4704 inpenuis
1121 4627 1235 4705 potius,
1255 4634 1283 4686 et
1302 4625 1375 4687 bene
1398 4621 1587 4684 merentibus

458 4743 537 4807 laeto
559 4746 665 4808 animo
687 4743 835 4817 dandum.
859 4746 1040 4824 perceperit.

578 4856 1028 4913 &mmmmm-lxi
1437 4858 1470 4907 w
