4117 5809
720 699 844 745 sonirrn
871 701 909 744 on
935 700 963 741 v.
989 699 1118 745 visioni.
1167 735 1173 753 ,
1418 682 1483 747 ³79

355 832 563 911 Scripturas,
585 842 678 910 alpuc
705 831 941 893 Architecturoe
965 831 1186 892 airammum
1219 848 1316 910 usque
1351 848 1482 911 reparo-

354 962 460 1022 lorcm,
481 952 755 1031 perfectorumque,
783 950 955 1014 Patricium
979 960 1070 1012 tuum
1096 947 1375 1012 MICHAFLFM
1404 949 1482 1013 ΑΝ·

356 1065 521 1137 GFLUM,
544 1066 646 1128 eodem
670 1068 737 1145 ipso
760 1085 857 1139 anno,
881 1066 1067 1139 mensariis
1091 1084 1128 1129 ac
1151 1067 1374 1147 propemodum
1394 1070 1483 1142 liora,

354 1187 433 1246 lonc
457 1184 620 1247 dolendam
643 1185 762 1247 decoris
787 1185 833 1246 tui
853 1185 1017 1262 jacturam
1041 1187 1166 1265 ipsemet
1192 1183 1278 1247 Deus
1301 1188 1431 1265 reiecit,
1453 1199 1482 1250 et

357 1312 389 1363 ut
423 1312 457 1364 tn
491 1303 594 1364 adlsuc
614 1320 670 1382 per
694 1320 777 1366 nooa
797 1302 900 1365 lustra
921 1304 1020 1381 possis
1050 1303 1173 1365 Civium
1208 1315 1337 1367 luorum
1369 1305 1485 1369 virtuti
1612 1300 1614 1303 ’

357 1420 434 1483 oros
457 1423 605 1483 universo
624 1421 777 1501 prodesse,
800 1422 897 1501 [astos
923 1432 1016 1496 tuoe,
1041 1422 1169 1486 Patritii
1192 1424 1240 1486 tai
1265 1419 1484 1487 GALILAFI

355 1550 428 1600 ortu
450 1542 557 1611 auxit,
580 1538 808 1622 Plsitosoplsiac,
834 1536 1051 1614 Geometriac,
1073 1550 1168 1620 atque
1191 1519 1413 1605 A'stronomiae
1438 1543 1485 1622 s·

355 1658 493 1718 licissimi
517 1655 760 1732 lnstauraloris,
786 1658 906 1733 Patris,
930 1658 1105 1739 Principis,
1132 1657 1241 1722 Ducis.
1335 1700 1338 1704 Δ

444 1773 505 1838 Hic
529 1780 612 1840 enim
635 1777 772 1840 coelestis
793 1778 886 1857 plone
910 1777 1030 1856 inpenii
1058 1776 1107 1838 l's'r
1130 1775 1240 1859 (loape
1256 1794 1343 1839 secus
1359 1796 1396 1841 ac
1415 1777 1486 1842 En·

355 1896 517 1956 comiasles
536 1892 675 1974 quidam,
689 1892 870 1956 invidorum
885 1892 1176 1972 Antaponistarum
1194 1892 1265 1974 fidei
1280 1893 1361 1956 male
1377 1874 1485 1966 ninus,

354 2011 434 2091 salso
446 2007 694 2091 conscripserat)
710 2009 882 2089 imperante
900 2009 1016 2089 inclyto
1034 2006 1185 2073 003Μο
1199 2008 1230 2085 Ι,
1242 2008 1325 2072 Pisis
1343 2011 1487 2090 lepittinse

357 2129 498 2191 irascitur
520 2146 560 2190 eu
573 2136 664 2208 patre
687 2120 847 2190 Vincentio
863 2126 1023 2190 Michaelis
1040 2128 1170 2206 Asspelis
1191 2127 1324 2193 loannis
1341 2129 1378 2191 ele
1397 2126 1488 2193 Gali·

356 2248 439 2322 laeis,
456 2246 593 2310 Patritio
610 2244 794 2310 Florentino
813 2243 883 2327 (qui
900 2246 936 2308 de
959 2256 1073 2320 vetere,
1087 2265 1124 2310 ac
1141 2247 1311 2311 recentiore
1334 2245 1487 2313 Flseorica

320 2338 322 2342 ¹
357 2365 490 2429 Masiccs
502 2365 694 2446 pereruditos
707 2363 855 2444 Diolopos
867 2363 1066 2447 conscripsit)
1080 2373 1109 2427 ct
1121 2383 1161 2428 eu
1172 2365 1390 2429 nnnssrastna
1402 2368 1487 2445 epus·

355 2487 422 2548 ‹lem
442 2483 590 2548 Vincentii
602 2503 703 2548 uecors
718 2486 845 2565 eprepia
859 2482 944 2548 Iulia
960 2482 1065 2547 Cosmi
1090 2483 1246 2548 Venturae
1270 2502 1286 2547 e
1309 2487 1486 2546 uetustissi-

355 2624 417 2679 mo,
433 2622 470 2667 ac
489 2604 735 2667 eminentissima
748 2602 934 2667 Pistoriensi
950 2601 1091 2666 Familia
1107 2602 1142 2665 de
1158 2600 1393 2677 Ammannatis,
1411 2613 1487 2665 tunc

359 2724 439 2787 Pisis
453 2741 526 2787 cum
536 2722 643 2786 eodem
658 2720 819 2786 Vincentio
829 2731 1050 2796 commorante,
1058 2738 1177 2784 annau
1190 2720 1307 2784 Cliristi
1320 2719 1390 2784 Ine.
1402 2721 1487 2787 1563

354 2845 434 2925 stylo
445 2841 643 2916 Florentino,
655 2859 758 2905 mense
772 2840 957 2915 Februarii,
972 2840 1021 2904 elie
1039 2840 1158 2904 decima
1172 2849 1296 2914 octana,
1313 2848 1342 2902 ct
1358 2841 1436 2904 lora
1447 2840 1488 2903 ai

355 2980 468 3026 occasa
489 2963 638 3042 sisenna
660 2963 782 3044 prima:
797 2963 853 3044 qui
868 2962 993 3043 quidem
1016 2979 1136 3033 annus,
1150 2950 1288 3035 mensis,
1311 2961 1386 3034 diss,
1410 2963 1488 3025 liora
1512 2939 1514 2941 ¹

358 3095 462 3146 tamen
483 3081 631 3162 vipesima
655 3082 748 3144 tertia
771 3076 877 3143 itidem
898 3081 939 3144 al
962 3099 1087 3151 occasu,
1114 3080 1197 3142 Pisis
1223 3076 1363 3143 Galilaea
1381 3088 1489 3144 nostro

358 3200 485 3273 natalis,
500 3198 595 3262 eidem
611 3195 758 3262 Miclsaeli
778 3196 900 3278 tapeto
923 3197 1120 3262 Banarrotio
1145 3196 1262 3261 Romae
1278 3196 1396 3259 amalis
1412 3196 1487 3277 luit,

357 3328 390 3380 at
413 3320 472 3397 ipsi
494 3318 622 3398 lepimur
645 3319 678 3378 in
701 3315 874 3380 domesticis
899 3315 1138 3380 Commentariis
1167 3314 1324 3379 honorii
1358 3314 1487 3379 Bonor-

357 3446 443 3500 rotae
458 3435 620 3501 Michaelis
642 3436 755 3515 Anpeli
777 3436 888 3515 [ratris
915 3434 972 3517 plu·
995 3437 1127 3516 propria
1155 3451 1255 3498 manu
1282 3434 1488 3513 conscriptis:

357 3574 421 3618 non
442 3573 516 3618 cero
537 3554 585 3617 elis
610 3554 662 3628 1⁵1,
684 3562 720 3616 ut
743 3572 763 3616 a
793 3553 923 3616 l'asaria
945 3556 981 3616 s'n
1000 3554 1068 3632 ejus
1093 3554 1159 3616 os'ta
1181 3559 1364 3616 enarratur.

444 3672 579 3753 Eaurpe
602 3687 674 3751 erpo
696 3681 801 3750 prata,
823 3682 852 3733 et
875 3670 1114 3749 pratalalusoela
1137 3668 1312 3743 Florentia,
1336 3678 1366 3732 ct
1388 3667 1488 3732 Sum·

356 3812 406 3855 mo
429 3788 590 3853 Conditari
612 3787 747 3850 illustres
772 3795 836 3849 toto
861 3783 943 3850 Orbe
974 3785 1063 3849 Cives
1097 3785 1243 3860 donanti,
1265 3783 1488 3848 demississimo
1529 3812 1536 3823 ’

356 3911 534 3988 pratiarum
548 3909 680 3978 actione,
693 3906 843 3986 obsequia
867 3903 1010 3985 repende.
1029 3903 1102 3969 Non
1122 3903 1285 3983 delaturas
1304 3902 1388 3965 enim
1404 3918 1487 3964 sem·

357 4044 414 4108 per
436 4025 491 4088 tibi
512 4024 737 4094 nobilissimos,
761 4023 963 4104 iosipnesque
985 4019 1086 4104 lilim,
1109 4021 1247 4083 illustria
1269 4018 1405 4082 duorum
1436 4015 1489 4080 Vi·

359 4161 468 4207 rorum
489 4151 652 4210 aeternum
670 4156 835 4211 mansura,
857 4147 886 4202 st
909 4154 1031 4219 semper
1048 4137 1161 4218 [utura
1176 4134 1329 4217 foecunda
1347 4133 1487 4214 exempla

358 4265 556 4343 promittunt.

448 4378 510 4443 Sed
530 4380 623 4442 sicuti
645 4381 679 4441 in
705 4374 837 4441 Galilaei
859 4388 945 4451 ortes,
968 4377 1097 4459 ejusque
1119 4375 1279 4458 praeclare
1310 4383 1399 4454 aesta
1421 4373 1487 4436 cita

359 4503 468 4563 merito
489 4500 627 4570 lactoris,
651 4500 696 4561 ito
718 4500 752 4559 in
776 4499 843 4577 ipso
866 4497 1004 4578 ejusdcm
1027 4497 1259 4576 relipiasissimo
1281 4495 1391 4568 obita,
1419 4493 1488 4573 pic-

361 4621 432 4682 tatis
449 4618 644 4684 Christianae
664 4616 839 4696 exemplum
864 4614 990 4679 Civibus
1008 4624 1243 4688 monstratura,
1260 4630 1339 4693 pone
1359 4611 1488 4678 luctum,

360 4741 422 4800 imo
445 4738 562 4801 exulta.
